@article{casetti2002tcp,
  title={TCP Westwood: end-to-end congestion control for wired/wireless networks},
  author={Casetti, Claudio and Gerla, Mario and Mascolo, Saverio and Sanadidi, Medy Y and Wang, Ren},
  journal={Wireless Networks},
  volume={8},
  number={5},
  pages={467--479},
  year={2002},
  publisher={Springer-Verlag New York, Inc.}
}

@online{tcp-reno,
  title={TCP Reno and Congestion Avoidance},
  author = {Peter L Dordal},
  year = {2014},
  url ={http://intronetworks.cs.luc.edu/1/html/reno.html}
}